@misc{lecun-89c,
 author = {Y. LeCun and L. D. Jackel and B. Boser and J. S. Denker amd H. P. Graf and I. Guyon and D. Henderson and R. E. Howard and W. Hubbard},
 title = {Handwritten Digit Recognition: Applications of Neural Net Chips and Automatic Learning},
 journal = {IEEE Communication}, 
 pages = {41-46},
 year = 1999
}

@misc{xavier,
 author = {Xavier Glorot and Yoshua Bengio},
 title = {Understanding the difficulty of training deep feedforward neural networks},
 journal = {JMLR},
 volume = 9,
 year = 2010,
}

@misc{sermanet-icpr-12,
 author = {Pierre Sermanet and Soumith Chintala and Yann LeCun},
 title = {Convolutional Neural Networks Applied to House Numbers Digit Classification},
 journal = {International Conference on Pattern Recognition (ICPR 2012)},
 year = 2012	
}

@misc{alex,
 author = {Alex Krizhevsky and Ilya Sutskever and Geoffery E. Hinton},
 title = {ImageNet Classification with Deep Convolutional Neural Networks},
 year = 2012
}

@misc{goodfellow,
 author={Ian J. Goodfellow and Yaroslav Bulatov and Julian Ibarz and Sacha Arnoud and Vinay Shet},
 title={Multi-digit Number Recognition from Street View Imagery using Deep Convolutional Neural Networks},
 year = 2014
}

@misc{Google,
title={{TensorFlow}: Large-Scale Machine Learning on Heterogeneous Systems},
url={http://tensorflow.org/},
note={Software available from tensorflow.org},
author={
    Mart\'{\i}n~Abadi and
    Ashish~Agarwal and
    Paul~Barham and
    Eugene~Brevdo and
    Zhifeng~Chen and
    Craig~Citro and
    Greg~S.~Corrado and
    Andy~Davis and
    Jeffrey~Dean and
    Matthieu~Devin and
    Sanjay~Ghemawat and
    Ian~Goodfellow and
    Andrew~Harp and
    Geoffrey~Irving and
    Michael~Isard and
    Yangqing Jia and
    Rafal~Jozefowicz and
    Lukasz~Kaiser and
    Manjunath~Kudlur and
    Josh~Levenberg and
    Dan~Man\'{e} and
    Rajat~Monga and
    Sherry~Moore and
    Derek~Murray and
    Chris~Olah and
    Mike~Schuster and
    Jonathon~Shlens and
    Benoit~Steiner and
    Ilya~Sutskever and
    Kunal~Talwar and
    Paul~Tucker and
    Vincent~Vanhoucke and
    Vijay~Vasudevan and
    Fernanda~Vi\'{e}gas and
    Oriol~Vinyals and
    Pete~Warden and
    Martin~Wattenberg and
    Martin~Wicke and
    Yuan~Yu and
    Xiaoqiang~Zheng},
  year={2015},
}
